@ARTICLE{poisson's,
source={Engineering Libre Texts}
url={https://eng.libretexts.org/Bookshelves/Electrical_Engineering/Electro-Optics/Book%3A_Electromagnetics_I_(Ellingson)/05%3A_Electrostatics/5.15%3A_Poisson%E2%80%99s_and_Laplace%E2%80%99s_Equations#:~:}
}
@ARTICLE{me20b112,
source={ScienceDirect}
url={https://www.sciencedirect.com/science/article/abs/pii/S0167732216302318}
}
