@ARTICLE{Murdock1944,
author={Murdock, C.C.},
title={Coulomb's Law and the Dielectric Constant},
journal={American Journal of Physics},
year={1944},
volume={12},
number={4},
pages={201-203},
doi={10.1119/1.1990594},
note={cited by 0},
url={https://aapt.scitation.org/doi/10.1119/1.1990594},
document_type={Article},
source={Scopus}
}