% this file will contain bibliographic entries for all the references used by the team members

% me20b014 ------------------------------------------------

Scopus
EXPORT DATE: 22 June 2021

@ARTICLE{Verlinde2011,
author={Verlinde, E.},
title={On the origin of gravity and the laws of Newton},
journal={Journal of High Energy Physics},
year={2011},
volume={2011},
number={4},
doi={10.1007/JHEP04(2011)029},
art_number={29},
note={cited By 544},
url={https://www.scopus.com/inward/record.uri?eid=2-s2.0-80053208008&doi=10.1007%2fJHEP04%282011%29029&partnerID=40&md5=35e40456004be9c8021eba5bcf5163f0},
affiliation={Institute for Theoretical Physics, University of Amsterdam, Valckenierstraat 65, 1018 XE, Amsterdam, Netherlands},
correspondence_address1={Verlinde, E.; Institute for Theoretical Physics, Valckenierstraat 65, 1018 XE, Amsterdam, Netherlands; email: e.p.verlinde@uva.nl},
publisher={Springer Verlag},
issn={11266708},
language={English},
abbrev_source_title={J. High Energy Phys.},
document_type={Article},
source={Scopus},
}

% me20b028 ------------------------------------------------

Scopus
EXPORT DATE: 22 June 2021

@ARTICLE{Chorin,
author={Chorin, A.J.},
title={Numerical solution of the navier-stokes equations},
journal={Mathematics of Computation},
year={1968},
volume={22},
number={104},
pages={745-762},
doi={10.1090/S0025-5718-1968-0242392-2},
note={cited By 3751},
url={https://www.scopus.com/inward/record.uri?eid=2-s2.0-84968510911&doi=10.1090%2fS0025-5718-1968-0242392-2&partnerID=40&md5=40e0c8ba9594b547cdd7a544c06a82dd},
document_type={Article},
source={Scopus},
}

% me20b088 ------------------------------------------------

Scopus
EXPORT DATE: 21 June 2021

@ARTICLE{lazarian,
author={Lazarian, A. and Pogosyan, D.},
title={Velocity modification of H I power spectrum},
journal={Astrophysical Journal},
year={2000},
volume={537},
number={2 PART 1},
pages={720-748},
doi={10.1086/309040},
note={cited By 265},
url={https://www.scopus.com/inward/record.uri?eid=2-s2.0-0034377334&doi=10.1086%2f309040&partnerID=40&md5=8e2035c600fc9ee839eb48f6f34b172d},
document_type={Article},
source={Scopus},
}

Scopus
EXPORT DATE: 21 June 2021

@ARTICLE{wu,
author={Wu, J. and Wang, J. and Wang, L. and Li, T.},
title={Dynamics and control of a planar 3-DOF parallel manipulator with actuation redundancy},
journal={Mechanism and Machine Theory},
year={2009},
volume={44},
number={4},
pages={835-849},
doi={10.1016/j.mechmachtheory.2008.04.002},
note={cited By 248},
url={https://www.scopus.com/inward/record.uri?eid=2-s2.0-59649103429&doi=10.1016%2fj.mechmachtheory.2008.04.002&partnerID=40&md5=39115164ca14007215424ab547a5cd20},
document_type={Article},
source={Scopus},
}

% me20b178 ------------------------------------------------

Scopus
EXPORT DATE: 22 June 2021

@ARTICLE{Mallinson20001976,
author={Mallinson, J.C.},
title={Damped gyromagnetic switching},
journal={IEEE Transactions on Magnetics},
year={2000},
volume={36},
number={4 PART 2},
pages={1976-1981},
doi={10.1109/20.875251},
note={cited By 29},
url={https://www.scopus.com/inward/record.uri?eid=2-s2.0-0034221408&doi=10.1109%2f20.875251&partnerID=40&md5=dcf02f48f65599229105c417e0dbdc62},
document_type={Article},
source={Scopus},
}

% end -----------------------------------------------------