Scopus
EXPORT DATE: 22 June 2021

@ARTICLE{Verlinde2011,
author={Verlinde, E.},
title={On the origin of gravity and the laws of Newton},
journal={Journal of High Energy Physics},
year={2011},
volume={2011},
number={4},
doi={10.1007/JHEP04(2011)029},
art_number={29},
note={cited By 544},
url={https://www.scopus.com/inward/record.uri?eid=2-s2.0-80053208008&doi=10.1007%2fJHEP04%282011%29029&partnerID=40&md5=35e40456004be9c8021eba5bcf5163f0},
affiliation={Institute for Theoretical Physics, University of Amsterdam, Valckenierstraat 65, 1018 XE, Amsterdam, Netherlands},
correspondence_address1={Verlinde, E.; Institute for Theoretical Physics, Valckenierstraat 65, 1018 XE, Amsterdam, Netherlands; email: e.p.verlinde@uva.nl},
publisher={Springer Verlag},
issn={11266708},
language={English},
abbrev_source_title={J. High Energy Phys.},
document_type={Article},
source={Scopus},
}
