Scopus
EXPORT DATE: 22 June 2021

@ARTICLE{Chorin,
author={Chorin, A.J.},
title={Numerical solution of the navier-stokes equations},
journal={Mathematics of Computation},
year={1968},
volume={22},
number={104},
pages={745-762},
doi={10.1090/S0025-5718-1968-0242392-2},
note={cited By 3751},
url={https://www.scopus.com/inward/record.uri?eid=2-s2.0-84968510911&doi=10.1090%2fS0025-5718-1968-0242392-2&partnerID=40&md5=40e0c8ba9594b547cdd7a544c06a82dd},
document_type={Article},
source={Scopus},
}
