Scopus
EXPORT DATE: 22 June 2021

@ARTICLE{Mallinson20001976,
author={Mallinson, J.C.},
title={Damped gyromagnetic switching},
journal={IEEE Transactions on Magnetics},
year={2000},
volume={36},
number={4 PART 2},
pages={1976-1981},
doi={10.1109/20.875251},
note={cited By 29},
url={https://www.scopus.com/inward/record.uri?eid=2-s2.0-0034221408&doi=10.1109%2f20.875251&partnerID=40&md5=dcf02f48f65599229105c417e0dbdc62},
document_type={Article},
source={Scopus},
}
