Scopus
EXPORT DATE: 3 July 2021

@ARTICLE{zhang,
author={Zhang, D. and Tang, S. and Li, S.-Z.},
title={Engineering calculation method of viscous force for air-breathing hypersonic vehicle},
journal={Guti Huojian Jishu/Journal of Solid Rocket Technology},
year={2013},
volume={36},
number={3},
pages={291-295+309},
doi={10.7673/j.issn.1006-2793.2013.03.002},
note={cited By 4},
url={https://www.scopus.com/inward/record.uri?eid=2-s2.0-84881608798&doi=10.7673%2fj.issn.1006-2793.2013.03.002&partnerID=40&md5=9eb83fac4b07e908de58ea82f154771f},
document_type={Article},
source={Scopus},
}
