Scopus
EXPORT DATE: 15 June 2021

@ARTICLE{POMDP,
author={Kaelbling, L.P. and Littman, M.L. and Cassandra, A.R.},
title={Planning and acting in partially observable stochastic domains},
journal={Artificial Intelligence},
year={1998},
volume={101},
number={1-2},
pages={99-134},
doi={10.1016/s0004-3702(98)00023-x},
url={https://www.scopus.com/inward/record.uri?eid=2-s2.0-0032073263&doi=10.1016%2fs0004-3702%2898%2900023-x&partnerID=40&md5=6867b4d6a449f6eb029a3910dc6910a0},
document_type={Article},
source={Scopus},
}

@ARTICLE{Gratus2020,
author={Gratus, J. and McCall, M.W. and Kinsler, P.},
title={Electromagnetism, axions, and topology: A first-order operator approach to constitutive responses provides greater freedom},
journal={Physical Review A},
year={2020},
volume={101},
number={4},
doi={10.1103/PhysRevA.101.043804},
art_number={043804},
note={cited By 2},
url={https://www.scopus.com/inward/record.uri?eid=2-s2.0-85084917068&doi=10.1103%2fPhysRevA.101.043804&partnerID=40&md5=8672d1f410c64e4d54aeebe21824549c},
document_type={Article},
source={Scopus},
}

@article{Snell,
author = {Drosdoff,D.  and Widom,A. },
title = {Snellâ€™s law from an elementary particle viewpoint},
journal = {American Journal of Physics},
volume = {73},
number = {10},
pages = {973-975},
year = {2005},
doi = {10.1119/1.2000974},
URL = { 
        https://doi.org/10.1119/1.2000974    
},
eprint = { 
        https://doi.org/10.1119/1.2000974    
}
}

@MISC{IE,
author = {Wikipedia},
title = {Internal energy},
howpublished={\url{https://en.wikipedia.org/wiki/Internal_energy}}
}
@MISC{Image,
author = { },
title = {Internal energy v/s Temperature},
howpublished={\url{https://keystagewiki.com/index.php/Internal_Energy}}
}

@MISC{picture,
author = {},
title = {},
month = june,
year = {},
howpublished={\url{https://www.toppr.com/guides/physics/electric-charges-and-fields/coulombs-law/}}
}
@MISC{website,
author = {},
title = {},
month = june,
year = {},
howpublished={\url{https://en.wikipedia.org/wiki/Coulomb%27s_law}}
}
