Scopus
EXPORT DATE: 21 June 2021

@ARTICLE{lazarian,
author={Lazarian, A. and Pogosyan, D.},
title={Velocity modification of H I power spectrum},
journal={Astrophysical Journal},
year={2000},
volume={537},
number={2 PART 1},
pages={720-748},
doi={10.1086/309040},
note={cited By 265},
url={https://www.scopus.com/inward/record.uri?eid=2-s2.0-0034377334&doi=10.1086%2f309040&partnerID=40&md5=8e2035c600fc9ee839eb48f6f34b172d},
document_type={Article},
source={Scopus},
}

Scopus
EXPORT DATE: 21 June 2021

@ARTICLE{wu,
author={Wu, J. and Wang, J. and Wang, L. and Li, T.},
title={Dynamics and control of a planar 3-DOF parallel manipulator with actuation redundancy},
journal={Mechanism and Machine Theory},
year={2009},
volume={44},
number={4},
pages={835-849},
doi={10.1016/j.mechmachtheory.2008.04.002},
note={cited By 248},
url={https://www.scopus.com/inward/record.uri?eid=2-s2.0-59649103429&doi=10.1016%2fj.mechmachtheory.2008.04.002&partnerID=40&md5=39115164ca14007215424ab547a5cd20},
document_type={Article},
source={Scopus},
}
