@misc{webref1,
author={Wikipedia},
title={Biot-Savart law},
year={},
howpublished={\url{https://tinyurl.com/acjh9zfc}}
}
@misc{webref2,
year={},
author={Physics Libretexts},
howpublished={\url{https://tinyurl.com/4m896vj5}}
}
@misc{picture,
author={Topper Learning},
year={},
title={Current-carrying wire},
howpublished={\url{https://tinyurl.com/2xp3t4em}}
}
